@article{von2019model,
  title={Model validation and model risk: reaching the end of the line?},
  author={von Thaden, Michael and Wehn, Carsten S},
  journal={Journal of Banking Regulation},
  pages={1--13},
  year={2019},
  publisher={Springer}
}